<collection xmlns="http://www.loc.gov/MARC21/slim">
<record>
  <leader>01509nam0a2200301 i 450 </leader>
  <controlfield tag="001">IT\ICCU\CNCE\052533</controlfield>
  <controlfield tag="005">20150728000000.0</controlfield>
  <datafield tag="012" ind1=" " ind2=" ">
    <subfield code="a">leto role reta AlEt (C) 1508 (R)</subfield>
    <subfield code="2">fei</subfield>
  </datafield>
  <datafield tag="100" ind1=" " ind2=" ">
    <subfield code="a">20011212d1508        0itac0103    ba</subfield>
  </datafield>
  <datafield tag="101" ind1=" " ind2=" ">
    <subfield code="a">ITA</subfield>
  </datafield>
  <datafield tag="102" ind1=" " ind2=" ">
    <subfield code="a">IT</subfield>
  </datafield>
  <datafield tag="200" ind1="1" ind2=" ">
    <subfield code="a">Opere de Antonio Riccho neapolitano intitulata Fior de Delia. Stampata nouamente. Sonetti. Capitoli. Epistole. Desperata. Eglogha. Barzellette. Strambotti. Farze</subfield>
  </datafield>
  <datafield tag="210" ind1=" " ind2=" ">
    <subfield code="e">Impressum Venetiis</subfield>
    <subfield code="g">per maestro Manfredo Bono da Monte ferrato da Sustreuo</subfield>
    <subfield code="h">1508 adi VII del mese de Mazo \!!</subfield>
  </datafield>
  <datafield tag="215" ind1=" " ind2=" ">
    <subfield code="a">\60! c.</subfield>
    <subfield code="d">8ʻ</subfield>
  </datafield>
  <datafield tag="620" ind1=" " ind2=" ">
    <subfield code="a">IT</subfield>
    <subfield code="d">Venezia</subfield>
  </datafield>
  <datafield tag="700" ind1=" " ind2="1">
    <subfield code="a">Ricco,</subfield>
    <subfield code="b">Antonio</subfield>
    <subfield code="3">IT\ICCU\CNCA\016442</subfield>
  </datafield>
  <datafield tag="712" ind1="0" ind2="0">
    <subfield code="a">Bonelli, Manfredo</subfield>
    <subfield code="3">IT\ICCU\CNCT\000196</subfield>
    <subfield code="4">650</subfield>
  </datafield>
  <datafield tag="790" ind1=" " ind2="1">
    <subfield code="a">Riccho,</subfield>
    <subfield code="b">Antonio</subfield>
    <subfield code="3">IT\ICCU\CNCA\017555</subfield>
    <subfield code="z">Ricco, Antonio</subfield>
  </datafield>
  <datafield tag="791" ind1="0" ind2="0">
    <subfield code="a">Bon, Manfrin</subfield>
    <subfield code="3">IT\ICCU\CNCT\003048</subfield>
    <subfield code="z">Bonelli, Manfredo</subfield>
  </datafield>
  <datafield tag="791" ind1="0" ind2="2">
    <subfield code="a">Manfrino da Monferrato</subfield>
    <subfield code="3">IT\ICCU\CNCT\003049</subfield>
    <subfield code="z">Bonelli, Manfredo</subfield>
  </datafield>
  <datafield tag="791" ind1="0" ind2="2">
    <subfield code="a">Manfredo da Monferrato</subfield>
    <subfield code="3">IT\ICCU\CNCT\003050</subfield>
    <subfield code="z">Bonelli, Manfredo</subfield>
  </datafield>
  <datafield tag="791" ind1="0" ind2="2">
    <subfield code="a">Manfredo de Monteferrato</subfield>
    <subfield code="3">IT\ICCU\CNCT\004710</subfield>
    <subfield code="z">Bonelli, Manfredo</subfield>
  </datafield>
  <datafield tag="791" ind1="0" ind2="0">
    <subfield code="a">Bonellis, Manfredus de</subfield>
    <subfield code="3">IT\ICCU\CNCT\004711</subfield>
    <subfield code="z">Bonelli, Manfredo</subfield>
  </datafield>
  <datafield tag="791" ind1="0" ind2="0">
    <subfield code="a">Bonello, Manfredo de</subfield>
    <subfield code="3">IT\ICCU\CNCT\004713</subfield>
    <subfield code="z">Bonelli, Manfredo</subfield>
  </datafield>
  <datafield tag="791" ind1="0" ind2="0">
    <subfield code="a">Bono, Manfredo</subfield>
    <subfield code="3">IT\ICCU\CNCT\005929</subfield>
    <subfield code="z">Bonelli, Manfredo</subfield>
  </datafield>
  <datafield tag="801" ind1=" " ind2="3">
    <subfield code="a">IT</subfield>
    <subfield code="b">ICCU</subfield>
    <subfield code="c">20201115</subfield>
  </datafield>
  <datafield tag="899" ind1=" " ind2=" ">
    <subfield code="a">Biblioteca Storica di Ateneo &quot;Arturo Graf&quot;. Torino</subfield>
    <subfield code="1">TO0529</subfield>
    <subfield code="2">UTO 23</subfield>
  </datafield>
  <datafield tag="899" ind1=" " ind2=" ">
    <subfield code="a">Biblioteca civica Vincenzo Joppi. Udine</subfield>
    <subfield code="z">MUTILO</subfield>
    <subfield code="1">UD0106</subfield>
    <subfield code="2">FVG 12</subfield>
  </datafield>
</record>
</collection>
